% Encoding: UTF-8

@Book{GriffithsElec,
  title     = {Introduction to Electrodynamics},
  publisher = {Pearson},
  year      = {2012},
  author    = {David J. Griffiths},
  editor    = {Alison Reeves},
}

@Book{JacksonEle,
  title     = {Classical Electrodynamics Third Edition},
  publisher = {Wiley},
  year      = {1998},
  author    = {John David Jackson},
}

@Comment{jabref-meta: databaseType:bibtex;}
